<record><leader>00000cas a2200000 a 4500</leader><controlfield tag="001">2261277</controlfield><controlfield tag="008">760620d1970197uwiubr ne      0   a0eng c</controlfield><datafield ind1=" " ind2=" " tag="010"><subfield code="a">sn 94053366 </subfield></datafield><datafield ind1=" " ind2=" " tag="040"><subfield code="a">PIT</subfield><subfield code="b">eng</subfield><subfield code="c">PIT</subfield><subfield code="d">MUL</subfield><subfield code="d">CNW</subfield><subfield code="d">CVF</subfield><subfield code="d">OCL</subfield><subfield code="d">NYS</subfield><subfield code="d">OCLCQ</subfield><subfield code="d">OCLCF</subfield><subfield code="d">OCLCO</subfield></datafield><datafield ind1="1" ind2=" " tag="029"><subfield code="a">AU@</subfield><subfield code="b">000011357912</subfield></datafield><datafield ind1=" " ind2=" " tag="042"><subfield code="a">pcc</subfield></datafield><datafield ind1=" " ind2=" " tag="043"><subfield code="a">n-us-wi</subfield></datafield><datafield ind1="0" ind2="0" tag="245"><subfield code="a">Fox Valley kaleidoscope.</subfield></datafield><datafield ind1="3" ind2="0" tag="246"><subfield code="a">Kaleidoscope</subfield></datafield><datafield ind1=" " ind2=" " tag="260"><subfield code="a">Oshkosh [Wis.] :</subfield><subfield code="b">Tom Tomasko, ed.</subfield></datafield><datafield ind1=" " ind2=" " tag="310"><subfield code="a">Bimonthly</subfield></datafield><datafield ind1="0" ind2=" " tag="362"><subfield code="a">Vol. 1, no. 1 (Mar. 6, 1970)-</subfield></datafield><datafield ind1=" " ind2=" " tag="530"><subfield code="a">Available on microfilm from Bell &amp; Howell (Underground newspaper collection) and: State Historical Society of Wisconsin.</subfield></datafield><datafield ind1=" " ind2="0" tag="650"><subfield code="a">Underground press publications</subfield><subfield code="z">Wisconsin</subfield><subfield code="z">Oshkosh.</subfield></datafield><datafield ind1=" " ind2="0" tag="651"><subfield code="a">Oshkosh (Wis.)</subfield><subfield code="v">Newspapers.</subfield></datafield><datafield ind1=" " ind2="0" tag="651"><subfield code="a">Winnebago County (Wis.)</subfield><subfield code="v">Newspapers.</subfield></datafield><datafield ind1=" " ind2="7" tag="655"><subfield code="a">Newspapers.</subfield><subfield code="2">fast</subfield><subfield code="0">(OCoLC)fst01423814</subfield></datafield><datafield ind1=" " ind2="7" tag="650"><subfield code="a">Underground press publications.</subfield><subfield code="2">fast</subfield><subfield code="0">(OCoLC)fst01160984</subfield></datafield><datafield ind1=" " ind2="7" tag="651"><subfield code="a">Wisconsin</subfield><subfield code="z">Oshkosh.</subfield><subfield code="2">fast</subfield><subfield code="0">(OCoLC)fst01216502</subfield></datafield><datafield ind1=" " ind2="7" tag="651"><subfield code="a">Wisconsin</subfield><subfield code="z">Winnebago County.</subfield><subfield code="2">fast</subfield><subfield code="0">(OCoLC)fst01210120</subfield></datafield><datafield ind1=" " ind2=" " tag="752"><subfield code="a">United States</subfield><subfield code="b">Wisconsin</subfield><subfield code="c">Winnebago</subfield><subfield code="d">Oshkosh.</subfield></datafield><datafield ind1="1" ind2=" " tag="776"><subfield code="t">Fox Valley kaleidoscope</subfield><subfield code="w">(OCoLC)7415225</subfield></datafield><datafield ind1="1" ind2=" " tag="776"><subfield code="t">Fox Valley kaleidoscope</subfield><subfield code="w">(OCoLC)10037761</subfield></datafield><datafield ind1=" " ind2=" " tag="936"><subfield code="a">unknown</subfield><subfield code="a">INC</subfield></datafield></record>